<?xml version="1.0" encoding="UTF-8"?><collection xmlns="http://www.loc.gov/MARC21/slim"><record><leader>00387nam--2200121-i-4500</leader><controlfield tag="001">000015479</controlfield><controlfield tag="002">20161230</controlfield><controlfield tag="005">20161230201031</controlfield><controlfield tag="008">060222s1000------------r-----000-0-eng-d</controlfield><datafield ind1=" " ind2=" " tag="245"><subfield code="a">Crystals growth, properties and applications vol.10: growth and defect structures</subfield></datafield><datafield ind1=" " ind2=" " tag="260"><subfield code="a">Berlin, Springer-verlag, 1984</subfield></datafield><datafield ind1=" " ind2=" " tag="490"><subfield code="a">Crystals Growth, Properties And Applications</subfield></datafield><datafield ind1=" " ind2=" " tag="700"><subfield code="a">Osiko, V.V./S.A.</subfield></datafield></record></collection>